01REMESSA01COBRANCA       330000032646        EMPRESA ABC                   341BANCO ITAU SA  301017                                                                                                                                                                                                                                                                                                      000001
10200012312212356330000032646    000043                       000000500000000000000109                     001          09041600000000100003410330001N090416090000000000000150904160000000000000000000000000000000000000000100012312212356JOSE DA SILVA ALVES                     RUA DOS DEVELOPERS,123 SL 103           BAIRRO DA IN12345123LONDRINA       PR                                  00000090 000002
9                                                                                                                                                                                                                                                                                                                                                                                                         000003
