10400000         2000817714010870000000000000000000001234312345600000000EMPRESA ABC                   CAIXA ECONOMICA FEDERAL                 13101201702123700000105000000                    REMESSA-PRODUCAO                                 
10400011R0100030 20000817714010871234560000000000000001234312345600000000EMPRESA ABC                                                                                                   000000013101201700000000                                 
1040001300001P 010123431234560000000000014000000000000001112201              0904201600000000001000000000002N090420163000000000000000000000150090420160000000000000000000000000000000000000000000001                        2001090090000000000 
1040001300002Q 011000012312212356JOSE DA SILVA ALVES                     RUA DOS DEVELOPERS,123 SL 103           BAIRRO DA INSON12345123LONDRINA       PR0000000000000000                                                                       
1040001300003R 01000000000000000000000000000000000000000000000000009042016000000000000000                                                                                          ROGERIO@CIATEC.NET                                           
1040001300004P 010123431234560000000000014000000000000001112201              0904201600000000001000000000002N090420163000000000000000000000150090420160000000000000000000000000000000000000000000001                        2001090090000000000 
1040001300005Q 011000012312212356JOSE DA SILVA ALVES                     RUA DOS DEVELOPERS,123 SL 103           BAIRRO DA INSON12345123LONDRINA       PR0000000000000000                                                                       
1040001300006R 01000000000000000000000000000000000000000000000000009042016000000000000000                                                                                          ROGERIO@CIATEC.NET                                           
10400015         000008000002000000000000200000000000000000000000000000000000000000000000000                                                                                                                                                    
10499999         000001000010                                                                                                                                                                                                                   
