10400000         2913783720001010000000000000000000000501072193300000000MARLENE BURGEL & CIA LTDA - MEC ECON FEDERAL                          20409201704470100000504000000                    RETORNO-PRODUCAO                  000            
10400011T0100030 20913783720001010000000000000000000000501072193300000000MARLENE BURGEL & CIA LTDA - ME                                                                                00000005040920170000000000                          00   
1040001300001T 020000007219330000000   1400000000000000731238            080920170000000000267000000000007                        091000038365600030MARIA DE LOURDES SOUZA BALK                       000000000000000                           
1040001300002U 02000000000000000000000000000000000000000000000000000000000000000000000000000000000000000000000000000000000000000000000000040920170000000000000409201700000000000000000000000000000000000000000000000000000000000000000000       
1040001300003T 020000007219330000000   1400000000000000491235            080920170000000000195680000000004                        091000099393816034VERONICA DUTRA RODRIGUES                          000000000000000                           
1040001300004U 02000000000000000000000000000000000000000000000000000000000000000000000000000000000000000000000000000000000000000000000000040920170000000000000409201700000000000000000000000000000000000000000000000000000000000000000000       
1040001300005T 020000007219330000000   1400000000000000571236            080920170000000000264900000000005                        091000002287418075IMEON MARTINS MACHADO                             000000000000000                           
1040001300006U 02000000000000000000000000000000000000000000000000000000000000000000000000000000000000000000000000000000000000000000000000040920170000000000000409201700000000000000000000000000000000000000000000000000000000000000000000       
1040001300007T 020000007219330000000   1400000000000000811239            080920170000000000216720000000008                        091000000406806063ARACELLI PIETA RELLY GOMES DA SILVA               000000000000000                           
1040001300008U 02000000000000000000000000000000000000000000000000000000000000000000000000000000000000000000000000000000000000000000000000040920170000000000000409201700000000000000000000000000000000000000000000000000000000000000000000       
1040001300009T 020000007219330000000   1400000000000000651237            080920170000000000213280000000006                        091000014286360059DANILO CONCENCIO FONTOURA                         000000000000000                           
1040001300010U 02000000000000000000000000000000000000000000000000000000000000000000000000000000000000000000000000000000000000000000000000040920170000000000000409201700000000000000000000000000000000000000000000000000000000000000000000       
1040001300011T 020000007219330000000   1400000000000000301234            080920170000000000342710000000003                        091000056257112087VERA MARIA MOREIRA BOHRER                         000000000000000                           
1040001300012U 02000000000000000000000000000000000000000000000000000000000000000000000000000000000000000000000000000000000000000000000000040920170000000000000409201700000000000000000000000000000000000000000000000000000000000000000000       
1040001300013T 020000007219330000000   1400000000000000221233            080920170000000000215760000000002                        091000041440617015LEANDRO ALBERTO MOREIRA BOHRER                    000000000000000                           
1040001300014U 02000000000000000000000000000000000000000000000000000000000000000000000000000000000000000000000000000000000000000000000000040920170000000000000409201700000000000000000000000000000000000000000000000000000000000000000000       
1040001300015T 030000007219330000000   1400000000000000141232            080920170000000000253220000000001                        090000000000000000                                                  00000000000000008                         
1040001300016U 03000000000000000000000000000000000000000000000000000000000000000000000000000000000000000000000000000000000000000000000000040920170000000000000000000000000000000000000000000000000000000000000000000000000000000000000000       
1040001300017T 280000007219330000000                     0               00000000000000000000000000000000                         000000000000000000                                                  0000000000000000000000000                 
1040001300018U 280000000000000000000000000000000000000000000000000000000000000000000000000000000000000000000000000000000000000000000000000409201700000000000004092017000000000000000                              000                           
10400015         00002000000000000000000000000000000000000000000000000000000000000000000000000000000000000000000000                                                                                                                             
10499999         000001000022                                                                                                                                                                                                                   
