10400000         2036938560025550000000000000000000000501040745000000000COND. EDIFICIO MONTE CASTELLO CAIXA ECONOMICA FEDERAL                 42906202317023300009305000000REMESSA PROCESSADA PRET PRE CRI-PRODUCAO                             
10400011T0100030 2003693856002555                    005010407450        COND. EDIFICIO MONTE CASTELLO                                                                                 00000093290620230000000000                          00   
1040001300001T 030000004074500000000  0140000000000018430139506          100720230000000000540080000000001843                     091000003880767078ROBERTA DE OLIVEIRA SUTEL                         00000000000000046                         
1040001300002U 030000000000000000000000000000000000000000000000000000000000000000000000000000000000000000000000000000000000000000000000002906202300000000            000000000000000000040                        000                           
10400015         00000400000000000000000000000000000000000000000000000000000000000000000000000000000000000000000000                                                                                                                             
10499999         000001000006                                                                                                                                                                                                                   
