10400000         2913783720001010000000000000000000000501072193300000000MARLENE BURGEL & CIA LTDA - MECAIXA ECONOMICA FEDERAL                 30609201718282400000205000000REMESSA PROCESSADA  RET PRE CRI-PRODUCAO                             
10499999         000000000002                                                                                                                                                                                                                   
