75600000         291095620000107                    04342000000009664010CONDOMINIO EDIFICIO LUCILA    SICOOB                                  22111202310105700000108500000                                                                     
75600011T01  043 2091095620000107          434200000804342000000009664010CONDOMINIO EDIFICIO LUCILA                                                                                    000000002111202300000000                                 
7560001300001T 0204342000000009664010000002150001016     142359          2211202300000000000010075604342021500                    091000081771401087MARCELO CORREA                          000000000000000000000017400000000A4                 
7560001300002U 020000000000000000000000000000000000000000000000000000000000000000000000000000000000000000000000000000000000000000000000001711202300000000    00000000000000000000000                              75600000000000000000000       
7560001300003T 0604342000000009664010000002150001016     142359          2211202300000000000010010400501021500                    091000081771401087MARCELO CORREA                          00000000000000000000000000000000004                 
7560001300004U 0600000000000000000000000000000000000000000000000000000000000000000000000010000000000001000000000000000000000000000000002011202321112023    00000000000000000000000                      1423866775600000000000000000000
75600015         00000600000200000000000000200000000000000000000000000000000000000000000000000000000000000000000000                                                                                                                             
75699999         000001000008000000                                                                                                                                                                                                             
