74800000         29109706300016391107               0043400000000911075 CONDOMINIO EDIFICIO SANTA FE  SICREDI                                 20407202401340100000108101600                                                                     
74800011T01  040 209109706300016391107               0043400000000911075 CONDOMINIO EDIFICIO SANTA FE                                                                                  000000600407202400000000                                 
7480001300001T 0200434 0000000911075 242000015           146537          05072024000000000027834000      242000015                091000046036156049JEANICE ISABEL VOLKWEIS                 000000000000000000000000000                         
7480001300002U 0200000000000000000000000000000000000000000000000000000000000000000000000000000000000000000000000000000000000000000000000003072024                    000000000000000                              00000000000000000000000       
7480001300003T 0200434 0000000911075 242000023           146538          05072024000000000027834000      242000023                091000024346330053PAULO IBIRUTO FIALHO CAETANO            000000000000000000000000000                         
7480001300004U 0200000000000000000000000000000000000000000000000000000000000000000000000000000000000000000000000000000000000000000000000003072024                    000000000000000                              00000000000000000000000       
7480001300005T 0200434 0000000911075 242000031           146539          10072024000000000027834000      242000031                091000073395595072MARIA JOSE PEREIRA MORALES              000000000000000000000000000                         
7480001300006U 0200000000000000000000000000000000000000000000000000000000000000000000000000000000000000000000000000000000000000000000000003072024                    000000000000000                              00000000000000000000000       
7480001300007T 0200434 0000000911075 242000040           146540          05072024000000000027834000      242000040                091000061754013015DIANA MARIA FALCAO PADILHA              000000000000000000000000000                         
7480001300008U 0200000000000000000000000000000000000000000000000000000000000000000000000000000000000000000000000000000000000000000000000003072024                    000000000000000                              00000000000000000000000       
7480001300009T 0200434 0000000911075 242000058           146541          05072024000000000027834000      242000058                091000053893735020RICARDO MOR PANSARD                     000000000000000000000000000                         
7480001300010U 0200000000000000000000000000000000000000000000000000000000000000000000000000000000000000000000000000000000000000000000000003072024                    000000000000000                              00000000000000000000000       
7480001300011T 0200434 0000000911075 242000066           146542          05072024000000000027834000      242000066                091000000547573049JOAO CARLOS CURCIO                      000000000000000000000000000                         
7480001300012U 0200000000000000000000000000000000000000000000000000000000000000000000000000000000000000000000000000000000000000000000000003072024                    000000000000000                              00000000000000000000000       
7480001300013T 0200434 0000000911075 242000074           146543          05072024000000000027834000      242000074                091000001450057047KEICIANE CANABARRO DREHNER              0000000000000000000000000A4                         
7480001300014U 0200000000000000000000000000000000000000000000000000000000000000000000000000000000000000000000000000000000000000000000000003072024                    000000000000000                              00000000000000000000000       
7480001300015T 0200434 0000000911075 242000082           146544          05072024000000000027834000      242000082                091000000547573049JOAO CARLOS CURCIO                      000000000000000000000000000                         
7480001300016U 0200000000000000000000000000000000000000000000000000000000000000000000000000000000000000000000000000000000000000000000000003072024                    000000000000000                              00000000000000000000000       
7480001300017T 0200434 0000000911075 242000090           146545          05072024000000000027834000      242000090                091000016978544000RUBEM CEZAR PASQUOTTO ABREU             0000000000000000000000000A4                         
7480001300018U 0200000000000000000000000000000000000000000000000000000000000000000000000000000000000000000000000000000000000000000000000003072024                    000000000000000                              00000000000000000000000       
7480001300019T 0200434 0000000911075 242000104           146546          05072024000000000027834000      242000104                091000020367104091PAULO CESAR SACCOL MARTINI              000000000000000000000000000                         
7480001300020U 0200000000000000000000000000000000000000000000000000000000000000000000000000000000000000000000000000000000000000000000000003072024                    000000000000000                              00000000000000000000000       
7480001300021T 0200434 0000000911075 242000112           146547          10072024000000000027834000      242000112                091000058919791015JACQUELINE MEDIANEIRA MARAFIGA          0000000000000000000000000A4                         
7480001300022U 0200000000000000000000000000000000000000000000000000000000000000000000000000000000000000000000000000000000000000000000000003072024                    000000000000000                              00000000000000000000000       
7480001300023T 0200434 0000000911075 242000120           146548          05072024000000000027834000      242000120                091000002631937058JULIA SALDANHA GOULART                  0000000000000000000000000A4                         
7480001300024U 0200000000000000000000000000000000000000000000000000000000000000000000000000000000000000000000000000000000000000000000000003072024                    000000000000000                              00000000000000000000000       
7480001300025T 0300434 0000000911075 242000139           146549          05072024000000000027834000      242000139                091000097882950025MARCELO NOGUEIRA DOS SANTOS             000000000000000000000000048                         
7480001300026U 0300000000000000000000000000000000000000000000000000000000000000000000000000000000000000000000000000000000000000000000000003072024                    000000000000000                              00000000000000000000000       
7480001300027T 0200434 0000000911075 242000147           146550          05072024000000000027834000      242000147                091000043173527020GRACIELA I. DE FREITAS                  000000000000000000000000000                         
7480001300028U 0200000000000000000000000000000000000000000000000000000000000000000000000000000000000000000000000000000000000000000000000003072024                    000000000000000                              00000000000000000000000       
7480001300029T 0200434 0000000911075 242000155           146551          05072024000000000027834000      242000155                091000041193832888DANIEL BONESSO NUNES                    0000000000000000000000000A4                         
7480001300030U 0200000000000000000000000000000000000000000000000000000000000000000000000000000000000000000000000000000000000000000000000003072024                    000000000000000                              00000000000000000000000       
7480001300031T 0200434 0000000911075 242000163           146552          05072024000000000027834000      242000163                091000004000685082THIAGO RODRIGUEZ MARTINS                000000000000000000000000000                         
7480001300032U 0200000000000000000000000000000000000000000000000000000000000000000000000000000000000000000000000000000000000000000000000003072024                    000000000000000                              00000000000000000000000       
7480001300033T 0200434 0000000911075 242000171           146553          05072024000000000023701000      242000171                091000000213332035AECIO OPPERMANN DINIZ                   0000000000000000000000000A4                         
7480001300034U 0200000000000000000000000000000000000000000000000000000000000000000000000000000000000000000000000000000000000000000000000003072024                    000000000000000                              00000000000000000000000       
7480001300035T 0200434 0000000911075 242000180           146554          10072024000000000026584000      242000180                091000000305046004TIAGO VASCONCELLO MARTINI               0000000000000000000000000A4                         
7480001300036U 0200000000000000000000000000000000000000000000000000000000000000000000000000000000000000000000000000000000000000000000000003072024                    000000000000000                              00000000000000000000000       
7480001300037T 0200434 0000000911075 242000198           146555          05072024000000000026584000      242000198                091000001897111088VINICIUS COSTA DA SILVEIRA              000000000000000000000000000                         
7480001300038U 0200000000000000000000000000000000000000000000000000000000000000000000000000000000000000000000000000000000000000000000000003072024                    000000000000000                              00000000000000000000000       
7480001300039T 0200434 0000000911075 242000201           146556          05072024000000000026584000      242000201                091000066302463068MARIA ALBIERO PIVETTA                   000000000000000000000000000                         
7480001300040U 0200000000000000000000000000000000000000000000000000000000000000000000000000000000000000000000000000000000000000000000000003072024                    000000000000000                              00000000000000000000000       
7480001300041T 0200434 0000000911075 242000210           146557          10072024000000000026584000      242000210                091000009322523034CLAUDIONEI KRAEMER                      000000000000000000000000000                         
7480001300042U 0200000000000000000000000000000000000000000000000000000000000000000000000000000000000000000000000000000000000000000000000003072024                    000000000000000                              00000000000000000000000       
7480001300043T 0200434 0000000911075 242000228           146558          05072024000000000026584000      242000228                091000012633038034NELIO MARKS                             0000000000000000000000000A4                         
7480001300044U 0200000000000000000000000000000000000000000000000000000000000000000000000000000000000000000000000000000000000000000000000003072024                    000000000000000                              00000000000000000000000       
7480001300045T 0200434 0000000911075 242000236           146559          05072024000000000026584000      242000236                091000000815187068JOAO ALBERTO ACHUTTI BLATTES            000000000000000000000000000                         
7480001300046U 0200000000000000000000000000000000000000000000000000000000000000000000000000000000000000000000000000000000000000000000000003072024                    000000000000000                              00000000000000000000000       
7480001300047T 0200434 0000000911075 242000244           146560          12072024000000000026584000      242000244                091000075532344868MARIA CRISTINA ROSA ALBERTANI           000000000000000000000000000                         
7480001300048U 0200000000000000000000000000000000000000000000000000000000000000000000000000000000000000000000000000000000000000000000000003072024                    000000000000000                              00000000000000000000000       
7480001300049T 0200434 0000000911075 242000252           146561          10072024000000000026584000      242000252                091000000547573049JOAO CARLOS CURCIO                      000000000000000000000000000                         
7480001300050U 0200000000000000000000000000000000000000000000000000000000000000000000000000000000000000000000000000000000000000000000000003072024                    000000000000000                              00000000000000000000000       
7480001300051T 0200434 0000000911075 242000260           146562          10072024000000000026584000      242000260                091000001030845093ANDERSON ALMEIDA IRALA                  0000000000000000000000000A4                         
7480001300052U 0200000000000000000000000000000000000000000000000000000000000000000000000000000000000000000000000000000000000000000000000003072024                    000000000000000                              00000000000000000000000       
7480001300053T 0200434 0000000911075 242000279           146563          05072024000000000026584000      242000279                091000097539848049DIOGO FORGIARINI GONCALVES              000000000000000000000000000                         
7480001300054U 0200000000000000000000000000000000000000000000000000000000000000000000000000000000000000000000000000000000000000000000000003072024                    000000000000000                              00000000000000000000000       
7480001300055T 0200434 0000000911075 242000287           146564          10072024000000000026584000      242000287                091000061562360078CLEIA SIMONE DA FONSECA AMARAL          000000000000000000000000000                         
7480001300056U 0200000000000000000000000000000000000000000000000000000000000000000000000000000000000000000000000000000000000000000000000003072024                    000000000000000                              00000000000000000000000       
7480001300057T 0200434 0000000911075 242000295           146565          15072024000000000026584000      242000295                091000027113124020MARIA NEIDE MITTMANN                    000000000000000000000000000                         
7480001300058U 0200000000000000000000000000000000000000000000000000000000000000000000000000000000000000000000000000000000000000000000000003072024                    000000000000000                              00000000000000000000000       
7480001300059T 0200434 0000000911075 242000309           146566          05072024000000000026584000      242000309                091000095603450010NADIA FABRICIA KURRLE NOGUEIRA          000000000000000000000000000                         
7480001300060U 0200000000000000000000000000000000000000000000000000000000000000000000000000000000000000000000000000000000000000000000000003072024                    000000000000000                              00000000000000000000000       
7480001300061T 0200434 0000000911075 242000317           146567          10072024000000000026584000      242000317                091000090120370000ANA CRISTINA TEIXEIRA DE BITTENCOURT    0000000000000000000000000A4                         
7480001300062U 0200000000000000000000000000000000000000000000000000000000000000000000000000000000000000000000000000000000000000000000000003072024                    000000000000000                              00000000000000000000000       
7480001300063T 0200434 0000000911075 242000325           146568          10072024000000000026584000      242000325                091000000993037011DESIREE RIBAS FUMAGALLI                 000000000000000000000000000                         
7480001300064U 0200000000000000000000000000000000000000000000000000000000000000000000000000000000000000000000000000000000000000000000000003072024                    000000000000000                              00000000000000000000000       
7480001300065T 0200434 0000000911075 242000333           146569          15072024000000000026584000      242000333                091000034748059087ROBERTO D. REIS BETTKER                 000000000000000000000000000                         
7480001300066U 0200000000000000000000000000000000000000000000000000000000000000000000000000000000000000000000000000000000000000000000000003072024                    000000000000000                              00000000000000000000000       
7480001300067T 0600434 0000000911075 242000198           146555          05072024000000000026584000COMPE 242000198                091000001897111088VINICIUS COSTA DA SILVEIRA              000000000000000000000000005                         
7480001300068U 060000000000000000000000000000000000000000000000000000000000000000000000265840000000000265840000000000000000000000000000000307202404072024            000000000000000                              00000000000000000000000       
7480001300069T 2800434 0000000911075 242000015           146537          05072024000000000027834000      242000015                091000046036156049JEANICE ISABEL VOLKWEIS                 000000000000000000000025905                         
7480001300070U 280000000000000000000000000000000000000000000000000000000000000000000000000000000000000000000000000000000000000000000000000307202403072024            000000000000000                              00000000000000000000000       
7480001300071T 2800434 0000000911075 242000023           146538          05072024000000000027834000      242000023                091000024346330053PAULO IBIRUTO FIALHO CAETANO            000000000000000000000025905                         
7480001300072U 280000000000000000000000000000000000000000000000000000000000000000000000000000000000000000000000000000000000000000000000000307202403072024            000000000000000                              00000000000000000000000       
7480001300073T 2800434 0000000911075 242000031           146539          10072024000000000027834000      242000031                091000073395595072MARIA JOSE PEREIRA MORALES              000000000000000000000025905                         
7480001300074U 280000000000000000000000000000000000000000000000000000000000000000000000000000000000000000000000000000000000000000000000000307202403072024            000000000000000                              00000000000000000000000       
7480001300075T 2800434 0000000911075 242000040           146540          05072024000000000027834000      242000040                091000061754013015DIANA MARIA FALCAO PADILHA              000000000000000000000025905                         
7480001300076U 280000000000000000000000000000000000000000000000000000000000000000000000000000000000000000000000000000000000000000000000000307202403072024            000000000000000                              00000000000000000000000       
7480001300077T 2800434 0000000911075 242000058           146541          05072024000000000027834000      242000058                091000053893735020RICARDO MOR PANSARD                     000000000000000000000025905                         
7480001300078U 280000000000000000000000000000000000000000000000000000000000000000000000000000000000000000000000000000000000000000000000000307202403072024            000000000000000                              00000000000000000000000       
7480001300079T 2800434 0000000911075 242000066           146542          05072024000000000027834000      242000066                091000000547573049JOAO CARLOS CURCIO                      000000000000000000000025905                         
7480001300080U 280000000000000000000000000000000000000000000000000000000000000000000000000000000000000000000000000000000000000000000000000307202403072024            000000000000000                              00000000000000000000000       
7480001300081T 2800434 0000000911075 242000074           146543          05072024000000000027834000      242000074                091000001450057047KEICIANE CANABARRO DREHNER              000000000000000000000025905                         
7480001300082U 280000000000000000000000000000000000000000000000000000000000000000000000000000000000000000000000000000000000000000000000000307202403072024            000000000000000                              00000000000000000000000       
7480001300083T 2800434 0000000911075 242000082           146544          05072024000000000027834000      242000082                091000000547573049JOAO CARLOS CURCIO                      000000000000000000000025905                         
7480001300084U 280000000000000000000000000000000000000000000000000000000000000000000000000000000000000000000000000000000000000000000000000307202403072024            000000000000000                              00000000000000000000000       
7480001300085T 2800434 0000000911075 242000090           146545          05072024000000000027834000      242000090                091000016978544000RUBEM CEZAR PASQUOTTO ABREU             000000000000000000000025905                         
7480001300086U 280000000000000000000000000000000000000000000000000000000000000000000000000000000000000000000000000000000000000000000000000307202403072024            000000000000000                              00000000000000000000000       
7480001300087T 2800434 0000000911075 242000104           146546          05072024000000000027834000      242000104                091000020367104091PAULO CESAR SACCOL MARTINI              000000000000000000000025905                         
7480001300088U 280000000000000000000000000000000000000000000000000000000000000000000000000000000000000000000000000000000000000000000000000307202403072024            000000000000000                              00000000000000000000000       
7480001300089T 2800434 0000000911075 242000112           146547          10072024000000000027834000      242000112                091000058919791015JACQUELINE MEDIANEIRA MARAFIGA          000000000000000000000025905                         
7480001300090U 280000000000000000000000000000000000000000000000000000000000000000000000000000000000000000000000000000000000000000000000000307202403072024            000000000000000                              00000000000000000000000       
7480001300091T 2800434 0000000911075 242000120           146548          05072024000000000027834000      242000120                091000002631937058JULIA SALDANHA GOULART                  000000000000000000000025905                         
7480001300092U 280000000000000000000000000000000000000000000000000000000000000000000000000000000000000000000000000000000000000000000000000307202403072024            000000000000000                              00000000000000000000000       
7480001300093T 2800434 0000000911075 242000147           146550          05072024000000000027834000      242000147                091000043173527020GRACIELA I. DE FREITAS                  000000000000000000000025905                         
7480001300094U 280000000000000000000000000000000000000000000000000000000000000000000000000000000000000000000000000000000000000000000000000307202403072024            000000000000000                              00000000000000000000000       
7480001300095T 2800434 0000000911075 242000155           146551          05072024000000000027834000      242000155                091000041193832888DANIEL BONESSO NUNES                    000000000000000000000025905                         
7480001300096U 280000000000000000000000000000000000000000000000000000000000000000000000000000000000000000000000000000000000000000000000000307202403072024            000000000000000                              00000000000000000000000       
7480001300097T 2800434 0000000911075 242000163           146552          05072024000000000027834000      242000163                091000004000685082THIAGO RODRIGUEZ MARTINS                000000000000000000000025905                         
7480001300098U 280000000000000000000000000000000000000000000000000000000000000000000000000000000000000000000000000000000000000000000000000307202403072024            000000000000000                              00000000000000000000000       
7480001300099T 2800434 0000000911075 242000171           146553          05072024000000000023701000      242000171                091000000213332035AECIO OPPERMANN DINIZ                   000000000000000000000025905                         
7480001300100U 280000000000000000000000000000000000000000000000000000000000000000000000000000000000000000000000000000000000000000000000000307202403072024            000000000000000                              00000000000000000000000       
7480001300101T 2800434 0000000911075 242000180           146554          10072024000000000026584000      242000180                091000000305046004TIAGO VASCONCELLO MARTINI               000000000000000000000025905                         
7480001300102U 280000000000000000000000000000000000000000000000000000000000000000000000000000000000000000000000000000000000000000000000000307202403072024            000000000000000                              00000000000000000000000       
7480001300103T 2800434 0000000911075 242000198           146555          05072024000000000026584000      242000198                091000001897111088VINICIUS COSTA DA SILVEIRA              000000000000000000000025905                         
7480001300104U 280000000000000000000000000000000000000000000000000000000000000000000000000000000000000000000000000000000000000000000000000307202403072024            000000000000000                              00000000000000000000000       
7480001300105T 2800434 0000000911075 242000201           146556          05072024000000000026584000      242000201                091000066302463068MARIA ALBIERO PIVETTA                   000000000000000000000025905                         
7480001300106U 280000000000000000000000000000000000000000000000000000000000000000000000000000000000000000000000000000000000000000000000000307202403072024            000000000000000                              00000000000000000000000       
7480001300107T 2800434 0000000911075 242000210           146557          10072024000000000026584000      242000210                091000009322523034CLAUDIONEI KRAEMER                      000000000000000000000025905                         
7480001300108U 280000000000000000000000000000000000000000000000000000000000000000000000000000000000000000000000000000000000000000000000000307202403072024            000000000000000                              00000000000000000000000       
7480001300109T 2800434 0000000911075 242000228           146558          05072024000000000026584000      242000228                091000012633038034NELIO MARKS                             000000000000000000000025905                         
7480001300110U 280000000000000000000000000000000000000000000000000000000000000000000000000000000000000000000000000000000000000000000000000307202403072024            000000000000000                              00000000000000000000000       
7480001300111T 2800434 0000000911075 242000236           146559          05072024000000000026584000      242000236                091000000815187068JOAO ALBERTO ACHUTTI BLATTES            000000000000000000000025905                         
7480001300112U 280000000000000000000000000000000000000000000000000000000000000000000000000000000000000000000000000000000000000000000000000307202403072024            000000000000000                              00000000000000000000000       
7480001300113T 2800434 0000000911075 242000244           146560          12072024000000000026584000      242000244                091000075532344868MARIA CRISTINA ROSA ALBERTANI           000000000000000000000025905                         
7480001300114U 280000000000000000000000000000000000000000000000000000000000000000000000000000000000000000000000000000000000000000000000000307202403072024            000000000000000                              00000000000000000000000       
7480001300115T 2800434 0000000911075 242000252           146561          10072024000000000026584000      242000252                091000000547573049JOAO CARLOS CURCIO                      000000000000000000000025905                         
7480001300116U 280000000000000000000000000000000000000000000000000000000000000000000000000000000000000000000000000000000000000000000000000307202403072024            000000000000000                              00000000000000000000000       
7480001300117T 2800434 0000000911075 242000260           146562          10072024000000000026584000      242000260                091000001030845093ANDERSON ALMEIDA IRALA                  000000000000000000000025905                         
7480001300118U 280000000000000000000000000000000000000000000000000000000000000000000000000000000000000000000000000000000000000000000000000307202403072024            000000000000000                              00000000000000000000000       
7480001300119T 2800434 0000000911075 242000279           146563          05072024000000000026584000      242000279                091000097539848049DIOGO FORGIARINI GONCALVES              000000000000000000000025905                         
7480001300120U 280000000000000000000000000000000000000000000000000000000000000000000000000000000000000000000000000000000000000000000000000307202403072024            000000000000000                              00000000000000000000000       
7480001300121T 2800434 0000000911075 242000287           146564          10072024000000000026584000      242000287                091000061562360078CLEIA SIMONE DA FONSECA AMARAL          000000000000000000000025905                         
7480001300122U 280000000000000000000000000000000000000000000000000000000000000000000000000000000000000000000000000000000000000000000000000307202403072024            000000000000000                              00000000000000000000000       
7480001300123T 2800434 0000000911075 242000295           146565          15072024000000000026584000      242000295                091000027113124020MARIA NEIDE MITTMANN                    000000000000000000000025905                         
7480001300124U 280000000000000000000000000000000000000000000000000000000000000000000000000000000000000000000000000000000000000000000000000307202403072024            000000000000000                              00000000000000000000000       
7480001300125T 2800434 0000000911075 242000309           146566          05072024000000000026584000      242000309                091000095603450010NADIA FABRICIA KURRLE NOGUEIRA          000000000000000000000025905                         
7480001300126U 280000000000000000000000000000000000000000000000000000000000000000000000000000000000000000000000000000000000000000000000000307202403072024            000000000000000                              00000000000000000000000       
7480001300127T 2800434 0000000911075 242000317           146567          10072024000000000026584000      242000317                091000090120370000ANA CRISTINA TEIXEIRA DE BITTENCOURT    000000000000000000000025905                         
7480001300128U 280000000000000000000000000000000000000000000000000000000000000000000000000000000000000000000000000000000000000000000000000307202403072024            000000000000000                              00000000000000000000000       
7480001300129T 2800434 0000000911075 242000325           146568          10072024000000000026584000      242000325                091000000993037011DESIREE RIBAS FUMAGALLI                 000000000000000000000025905                         
7480001300130U 280000000000000000000000000000000000000000000000000000000000000000000000000000000000000000000000000000000000000000000000000307202403072024            000000000000000                              00000000000000000000000       
7480001300131T 2800434 0000000911075 242000333           146569          15072024000000000026584000      242000333                091000034748059087ROBERTO D. REIS BETTKER                 000000000000000000000025905                         
7480001300132U 280000000000000000000000000000000000000000000000000000000000000000000000000000000000000000000000000000000000000000000000000307202403072024            000000000000000                              00000000000000000000000       
74800015         00013400006600000000001787528000000000000000000000000000000000000000000000000000000000000000000000                                                                                                                             
74899999         000001000136000000                                                                                                                                                                                                             
