74800000         29109706300016391107               0043400000000911075 CONDOMINIO EDIFICIO SANTA FE  SICREDI                                 20507202401362700000208101600                                                                     
74800011T01  040 209109706300016391107               0043400000000911075 CONDOMINIO EDIFICIO SANTA FE                                                                                  000000510507202400000000                                 
7480001300001T 0200434 0000000911075 242000350           146577          08072024000000000027834000      242000350                091000097882950025MARCELO NOGUEIRA DOS SANTOS             000000000000000000000000000                         
7480001300002U 0200000000000000000000000000000000000000000000000000000000000000000000000000000000000000000000000000000000000000000000000004072024                    000000000000000                              00000000000000000000000       
7480001300003T 0600434 0000000911075 242000112           146547          10072024000000000027834000COMPE 242000112                091000058919791015JACQUELINE MEDIANEIRA MARAFIGA          000000000000000000000000005                         
7480001300004U 060000000000000000000000000000000000000000000000000000000000000000000000278340000000000278340000000000000000000000000000000407202405072024            000000000000000                              00000000000000000000000       
7480001300005T 0600434 0000000911075 242000074           146543          05072024000000000027834000COMPE 242000074                091000001450057047KEICIANE CANABARRO DREHNER              000000000000000000000000005                         
7480001300006U 060000000000000000000000000000000000000000000000000000000000000000000000278340000000000278340000000000000000000000000000000407202405072024            000000000000000                              00000000000000000000000       
7480001300007T 0600434 0000000911075 242000309           146566          05072024000000000026584000COMPE 242000309                091000095603450010NADIA FABRICIA KURRLE NOGUEIRA          000000000000000000000000005                         
7480001300008U 060000000000000000000000000000000000000000000000000000000000000000000000265840000000000265840000000000000000000000000000000407202405072024            000000000000000                              00000000000000000000000       
7480001300009T 2800434 0000000911075 242000350           146577          08072024000000000027834000      242000350                091000097882950025MARCELO NOGUEIRA DOS SANTOS             000000000000000000000025905                         
7480001300010U 280000000000000000000000000000000000000000000000000000000000000000000000000000000000000000000000000000000000000000000000000407202404072024            000000000000000                              00000000000000000000000       
74800015         00001200000500000000000137920000000000000000000000000000000000000000000000000000000000000000000000                                                                                                                             
74899999         000001000014000000                                                                                                                                                                                                             
