10400000         2000123122123560000000000000000000003300601066800000000EMPRESA ABC                   CAIXA ECONOMICA FEDERAL                 12110202305240300000105000000                    REMESSA-PRODUCAO                                 
10400011R0100030 20000123122123560106680000000000000003300601066800000000EMPRESA ABC                                                                                                   000000012110202300000000                                 
1040001300001P 0103300601066800000000000140000000000000501122043             0904201600000000001000000000002N0904201630000000000000000000001500904201600000000000000000000000000000000000000000000050                       3052090090000000000 
1040001300002Q 011000012312212356JOSE DA SILVA ALVES                     RUA DOS DEVELOPERS,123 SL 103           BAIRRO DA INSON12345123LONDRINA       PR0000000000000000                                                                       
1040001300003R 01000000000000000000000000000000000000000000000000009042016000000000003000          JUROS DE R$0,15 AO DIA                  NAO RECEBER APOS 30 DIAS                ROGERIO@CIATEC.NET                                           
10400015         000005000001000000000000100000000000000000000000000000000000000000000000000                                                                                                                                                    
10499999         000001000007                                                                                                                                                                                                                   
