02RETORNO01COBRANCA       033000530858        COND EDIFICIO MORADA DO PARQUE341BANCO ITAU S.A.16021801600BPI01640190218                                                                                                                                                                                                                                                                                   000001
10292460849000166033000530858        2680                     11047843            109110478432             I06150218          11047843            15021800000000456592370388901000000000050600000000000000000000000000000000000000000000000000000000000000000000000004515300000000000000000000000000   19021800000000000000000000000MIRIAN C. ALVES DE PELEGRINE                                        B2000002
9201341          000000000000000000000000000000          000000000000000000000000000000                                                  000000000000000000000000000000          0000002200000000929480  19/02S016400000000100000000045659                                                                                                                                                                000003
