10400000         2913783720001010000000000000000000000501072193300000000MARLENE BURGEL & CIA LTDA - MECAIXA ECONOMICA FEDERAL                 40709201713304200000705000000REMESSA PROCESSADA PRET PRE CRI-PRODUCAO                             
10400011T0100030 2091378372000101                    005010721933        MARLENE BURGEL & CIA LTDA - ME                                                                                00000007070920170000000000                          00   
1040001300001T 030000007219330000000  01400000000000007201352            0809201700000000001317600000000072                       091000019835303049ANTONIO  VICTOR DE LIMA MACHADO                   00000000000000046                         
1040001300002U 030000000000000000000000000000000000000000000000000000000000000000000000000000000000000000000000000000000000000000000000000709201700000000            000000000000000000052                        000                           
10400015         00000400000000000000000000000000000000000000000000000000000000000000000000000000000000000000000000                                                                                                                             
10499999         000001000006                                                                                                                                                                                                                   
