10400000         2913783720001010000000000000000000000501072193300000000MARLENE BURGEL & CIA LTDA - MEC ECON FEDERAL                          20210201704324200002104000000                    RETORNO-PRODUCAO                  000            
10400011T0100030 20944465720001420000000000000000000000501071015700000000CONDOMINIO EDIFICIO CONDE DE P                                                                                00000021021020170000000000                          00   
1040001300001T 020000007101570000000   1400000000000005291885            0610201700000000007694600000000052                       091000049833626068MARCIA  MARIA BARROS DA SILVA SANTOS              00000000000000038                         
1040001300002U 02000000000000000000000000000000000000000000000000000000000000000000000000000000000000000000000000000000000000000000000000021020170000000000000210201700000000000000000000000000000000000000000000000000000000000000000000       
1040001300003T 020000007101570000000   1400000000000002861861            0610201700000000006471000000000028                       091000098956701091IVO EMILIO DA CRUZ JUNG                           00000000000000038                         
1040001300004U 02000000000000000000000000000000000000000000000000000000000000000000000000000000000000000000000000000000000000000000000000021020170000000000000210201700000000000000000000000000000000000000000000000000000000000000000000       
1040001300005T 020000007101570000000   1400000000000002941862            0610201700000000007673000000000029                       091000042676550063TONI EDER MOREIRA TRINDADE                        00000000000000038                         
1040001300006U 02000000000000000000000000000000000000000000000000000000000000000000000000000000000000000000000000000000000000000000000000021020170000000000000210201700000000000000000000000000000000000000000000000000000000000000000000       
1040001300007T 020000007101570000000   1400000000000003671869            0610201700000000006497400000000036                       091000052503429068GERSON  PADILHA DE ALMEIDA                        00000000000000038                         
1040001300008U 02000000000000000000000000000000000000000000000000000000000000000000000000000000000000000000000000000000000000000000000000021020170000000000000210201700000000000000000000000000000000000000000000000000000000000000000000       
1040001300009T 020000007101570000000   1400000000000004211875            0610201700000000007694600000000042                       091000093465718020DENISE N. XAVIER                                  00000000000000038                         
1040001300010U 02000000000000000000000000000000000000000000000000000000000000000000000000000000000000000000000000000000000000000000000000021020170000000000000210201700000000000000000000000000000000000000000000000000000000000000000000       
1040001300011T 020000007101570000000   1400000000000004301876            0610201700000000006641700000000043                       091000013696394068ELIR TEREZINHA CADO                               00000000000000038                         
1040001300012U 02000000000000000000000000000000000000000000000000000000000000000000000000000000000000000000000000000000000000000000000000021020170000000000000210201700000000000000000000000000000000000000000000000000000000000000000000       
1040001300013T 020000007101570000000   1400000000000005881891            0610201700000000006656200000000058                       091000080124054072RODRIGO  DENARDIN  PORTELLA                       00000000000000038                         
1040001300014U 02000000000000000000000000000000000000000000000000000000000000000000000000000000000000000000000000000000000000000000000000021020170000000000000210201700000000000000000000000000000000000000000000000000000000000000000000       
1040001300015T 020000007101570000000   1400000000000005451887            0610201700000000006656200000000054                       091000071647600049RAFAEL  LAMPERT CAUDURO                           00000000000000038                         
1040001300016U 02000000000000000000000000000000000000000000000000000000000000000000000000000000000000000000000000000000000000000000000000021020170000000000000210201700000000000000000000000000000000000000000000000000000000000000000000       
1040001300017T 020000007101570000000   1400000000000005531888            0610201700000000007694600000000055                       091000070075859068CLAUDIOMAR  MACHADO MELO                          00000000000000038                         
1040001300018U 02000000000000000000000000000000000000000000000000000000000000000000000000000000000000000000000000000000000000000000000000021020170000000000000210201700000000000000000000000000000000000000000000000000000000000000000000       
1040001300019T 020000007101570000000   1400000000000005371886            0610201700000000006656200000000053                       091000009282757870HECTOR  OMAR ARDANS BONIFACINO                    00000000000000038                         
1040001300020U 02000000000000000000000000000000000000000000000000000000000000000000000000000000000000000000000000000000000000000000000000021020170000000000000210201700000000000000000000000000000000000000000000000000000000000000000000       
1040001300021T 020000007101570000000   1400000000000005611889            0610201700000000007987900000000056                       091000024353140000CARLOS  MORAES FERNANDES FILHO                    00000000000000038                         
1040001300022U 02000000000000000000000000000000000000000000000000000000000000000000000000000000000000000000000000000000000000000000000000021020170000000000000210201700000000000000000000000000000000000000000000000000000000000000000000       
1040001300023T 020000007101570000000   1400000000000005701890            0610201700000000006656200000000057                       091000007215320049LACI  BATISTA FERREIRA                            00000000000000038                         
1040001300024U 02000000000000000000000000000000000000000000000000000000000000000000000000000000000000000000000000000000000000000000000000021020170000000000000210201700000000000000000000000000000000000000000000000000000000000000000000       
1040001300025T 020000007101570000000   1400000000000003241865            0610201700000000006471000000000032                       091000000495387053AMELIA BENETTI ARGEMI                             00000000000000038                         
1040001300026U 02000000000000000000000000000000000000000000000000000000000000000000000000000000000000000000000000000000000000000000000000021020170000000000000210201700000000000000000000000000000000000000000000000000000000000000000000       
1040001300027T 020000007101570000000   1400000000000001891850            0610201700000000007677800000000018                       091000024381896068NEIVA MUGICA MUTTI                                00000000000000038                         
1040001300028U 02000000000000000000000000000000000000000000000000000000000000000000000000000000000000000000000000000000000000000000000000021020170000000000000210201700000000000000000000000000000000000000000000000000000000000000000000       
1040001300029T 020000007101570000000   1400000000000001971851            0610201700000000007677800000000019                       091000014253968015ANA MARIA BERTAZZO                                00000000000000038                         
1040001300030U 02000000000000000000000000000000000000000000000000000000000000000000000000000000000000000000000000000000000000000000000000021020170000000000000210201700000000000000000000000000000000000000000000000000000000000000000000       
1040001300031T 020000007101570000000   1400000000000002431856            0610201700000000006471000000000024                       091000081242255087LUIZ  HENRIQUE DOBROVOLSKI LOPES                  00000000000000038                         
1040001300032U 02000000000000000000000000000000000000000000000000000000000000000000000000000000000000000000000000000000000000000000000000021020170000000000000210201700000000000000000000000000000000000000000000000000000000000000000000       
1040001300033T 020000007101570000000   1400000000000002511857            0610201700000000006471000000000025                       091000032644630835LUIZ  AUGUSTO ROCHA DE PALERMO                    00000000000000038                         
1040001300034U 02000000000000000000000000000000000000000000000000000000000000000000000000000000000000000000000000000000000000000000000000021020170000000000000210201700000000000000000000000000000000000000000000000000000000000000000000       
1040001300035T 020000007101570000000   1400000000000001201844            0610201700000000006391700000000012                       091000065359330082FERNANDA COLVERO NOGUEIRA                         00000000000000038                         
1040001300036U 02000000000000000000000000000000000000000000000000000000000000000000000000000000000000000000000000000000000000000000000000021020170000000000000210201700000000000000000000000000000000000000000000000000000000000000000000       
1040001300037T 020000007101570000000   1400000000000001381845            0610201700000000006391700000000013                       091000002345223057DANIELA S. MAIRESSE COELHO                        00000000000000038                         
1040001300038U 02000000000000000000000000000000000000000000000000000000000000000000000000000000000000000000000000000000000000000000000000021020170000000000000210201700000000000000000000000000000000000000000000000000000000000000000000       
1040001300039T 020000007101570000000   1400000000000002001852            0610201700000000006471000000000020                       091000005509812923DAIANE MALDANER                                   00000000000000038                         
1040001300040U 02000000000000000000000000000000000000000000000000000000000000000000000000000000000000000000000000000000000000000000000000021020170000000000000210201700000000000000000000000000000000000000000000000000000000000000000000       
1040001300041T 020000007101570000000   1400000000000002191853            0610201700000000006471000000000021                       091000078055903034HELOISA  XAVIER NEVES                             00000000000000038                         
1040001300042U 02000000000000000000000000000000000000000000000000000000000000000000000000000000000000000000000000000000000000000000000000021020170000000000000210201700000000000000000000000000000000000000000000000000000000000000000000       
1040001300043T 020000007101570000000   1400000000000002601858            0610201700000000007680200000000026                       091000091980887004ELOISA MONTEIRO SILVA                             00000000000000038                         
1040001300044U 02000000000000000000000000000000000000000000000000000000000000000000000000000000000000000000000000000000000000000000000000021020170000000000000210201700000000000000000000000000000000000000000000000000000000000000000000       
1040001300045T 020000007101570000000   1400000000000002781860            0610201700000000006471000000000027                       091000008228512961VANIA MARGARET ROESE MORTARI                      00000000000000038                         
1040001300046U 02000000000000000000000000000000000000000000000000000000000000000000000000000000000000000000000000000000000000000000000000021020170000000000000210201700000000000000000000000000000000000000000000000000000000000000000000       
1040001300047T 020000007101570000000   1400000000000001461846            0610201700000000007665800000000014                       091000026087677020CARMEN LIGIA SILVEIRA                             00000000000000038                         
1040001300048U 02000000000000000000000000000000000000000000000000000000000000000000000000000000000000000000000000000000000000000000000000021020170000000000000210201700000000000000000000000000000000000000000000000000000000000000000000       
1040001300049T 020000007101570000000   1400000000000001541847            0610201700000000007665800000000015                       091000066075130004CARLOS LAUNIR PRUSS                               00000000000000038                         
1040001300050U 02000000000000000000000000000000000000000000000000000000000000000000000000000000000000000000000000000000000000000000000000021020170000000000000210201700000000000000000000000000000000000000000000000000000000000000000000       
1040001300051T 020000007101570000000   1400000000000002271854            0610201700000000007677800000000022                       091000003720101720IGINO  COLLETTO                                   00000000000000038                         
1040001300052U 02000000000000000000000000000000000000000000000000000000000000000000000000000000000000000000000000000000000000000000000000021020170000000000000210201700000000000000000000000000000000000000000000000000000000000000000000       
1040001300053T 020000007101570000000   1400000000000002351855            0610201700000000007677800000000023                       091000003720101720IGINO  COLLETTO                                   00000000000000038                         
1040001300054U 02000000000000000000000000000000000000000000000000000000000000000000000000000000000000000000000000000000000000000000000000021020170000000000000210201700000000000000000000000000000000000000000000000000000000000000000000       
1040001300055T 020000007101570000000   1400000000000001111843            0610201700000000007812500000000011                       091000044008791000SILESIA BRANDT RIBEIRO                            00000000000000038                         
1040001300056U 02000000000000000000000000000000000000000000000000000000000000000000000000000000000000000000000000000000000000000000000000021020170000000000000210201700000000000000000000000000000000000000000000000000000000000000000000       
1040001300057T 020000007101570000000   1400000000000001621848            0610201700000000006471000000000016                       091000074155229072ANDREA  KAERCHER                                  00000000000000038                         
1040001300058U 02000000000000000000000000000000000000000000000000000000000000000000000000000000000000000000000000000000000000000000000000021020170000000000000210201700000000000000000000000000000000000000000000000000000000000000000000       
1040001300059T 020000007101570000000   1400000000000001701849            0610201700000000006471000000000017                       091000019057890097ROSELI S. ZAMBENEDETTI                            00000000000000038                         
1040001300060U 02000000000000000000000000000000000000000000000000000000000000000000000000000000000000000000000000000000000000000000000000021020170000000000000210201700000000000000000000000000000000000000000000000000000000000000000000       
1040001300061T 020000007101570000000   1400000000000004481877            0610201700000000006641700000000044                       091000061239666004JOVANI LUZZA                                      00000000000000038                         
1040001300062U 02000000000000000000000000000000000000000000000000000000000000000000000000000000000000000000000000000000000000000000000000021020170000000000000210201700000000000000000000000000000000000000000000000000000000000000000000       
1040001300063T 020000007101570000000   1400000000000004561878            0610201700000000007694600000000045                       091000011755768087PAULO  TARSO BARCELLOS BRUM                       00000000000000038                         
1040001300064U 02000000000000000000000000000000000000000000000000000000000000000000000000000000000000000000000000000000000000000000000000021020170000000000000210201700000000000000000000000000000000000000000000000000000000000000000000       
1040001300065T 020000007101570000000   1400000000000004641879            0610201700000000007694600000000046                       091000037324900097LINARA MARIA DE AGUIAR SENGER                     00000000000000038                         
1040001300066U 02000000000000000000000000000000000000000000000000000000000000000000000000000000000000000000000000000000000000000000000000021020170000000000000210201700000000000000000000000000000000000000000000000000000000000000000000       
1040001300067T 020000007101570000000   1400000000000004721880            0610201700000000006656200000000047                       091000056068522091CARMEN TEREZA BERTAZZON                           00000000000000038                         
1040001300068U 02000000000000000000000000000000000000000000000000000000000000000000000000000000000000000000000000000000000000000000000000021020170000000000000210201700000000000000000000000000000000000000000000000000000000000000000000       
1040001300069T 020000007101570000000   1400000000000003081863            0610201700000000007673000000000030                       091000022519483091EDILA DE LOURDES BATISTA FRANCO                   00000000000000038                         
1040001300070U 02000000000000000000000000000000000000000000000000000000000000000000000000000000000000000000000000000000000000000000000000021020170000000000000210201700000000000000000000000000000000000000000000000000000000000000000000       
1040001300071T 020000007101570000000   1400000000000003161864            0610201700000000006471000000000031                       091000036992003020ZELIA  TEREZINHA SUDATI                           00000000000000038                         
1040001300072U 02000000000000000000000000000000000000000000000000000000000000000000000000000000000000000000000000000000000000000000000000021020170000000000000210201700000000000000000000000000000000000000000000000000000000000000000000       
1040001300073T 020000007101570000000   1400000000000004801881            0610201700000000006656200000000048                       091000056068522091CARMEN TEREZA BERTAZZON                           00000000000000038                         
1040001300074U 02000000000000000000000000000000000000000000000000000000000000000000000000000000000000000000000000000000000000000000000000021020170000000000000210201700000000000000000000000000000000000000000000000000000000000000000000       
1040001300075T 020000007101570000000   1400000000000004991882            0610201700000000002000000000000049                       091000001077246005MARCYA BRUM FERNANDEZ                             00000000000000038                         
1040001300076U 02000000000000000000000000000000000000000000000000000000000000000000000000000000000000000000000000000000000000000000000000021020170000000000000210201700000000000000000000000000000000000000000000000000000000000000000000       
1040001300077T 020000007101570000000   1400000000000003831871            0610201700000000007694600000000038                       091000087730138972EMMANUEL OMAR NASCIMENTO DE FREITAS               00000000000000038                         
1040001300078U 02000000000000000000000000000000000000000000000000000000000000000000000000000000000000000000000000000000000000000000000000021020170000000000000210201700000000000000000000000000000000000000000000000000000000000000000000       
1040001300079T 020000007101570000000   1400000000000003911872            0610201700000000006651300000000039                       091000037324900097LINARA MARIA DE AGUIAR SENGER                     00000000000000038                         
1040001300080U 02000000000000000000000000000000000000000000000000000000000000000000000000000000000000000000000000000000000000000000000000021020170000000000000210201700000000000000000000000000000000000000000000000000000000000000000000       
1040001300081T 020000007101570000000   1400000000000005021883            0610201700000000001000000000000050                       091000011755768087PAULO  TARSO BARCELLOS BRUM                       00000000000000038                         
1040001300082U 02000000000000000000000000000000000000000000000000000000000000000000000000000000000000000000000000000000000000000000000000021020170000000000000210201700000000000000000000000000000000000000000000000000000000000000000000       
1040001300083T 020000007101570000000   1400000000000005101884            0610201700000000007694600000000051                       091000027107051091JOSE  MILTON RIBEIRO CUSTODIO                     00000000000000038                         
1040001300084U 02000000000000000000000000000000000000000000000000000000000000000000000000000000000000000000000000000000000000000000000000021020170000000000000210201700000000000000000000000000000000000000000000000000000000000000000000       
1040001300085T 020000007101570000000   1400000000000003401867            0610201700000000007673000000000034                       091000000745847072OLIMPTO BAPTISTELLA                               00000000000000038                         
1040001300086U 02000000000000000000000000000000000000000000000000000000000000000000000000000000000000000000000000000000000000000000000000021020170000000000000210201700000000000000000000000000000000000000000000000000000000000000000000       
1040001300087T 020000007101570000000   1400000000000004131874            0610201700000000007694600000000041                       091000081179545087SCHEILA REZENDE  SCHAFFAZICK                      00000000000000038                         
1040001300088U 02000000000000000000000000000000000000000000000000000000000000000000000000000000000000000000000000000000000000000000000000021020170000000000000210201700000000000000000000000000000000000000000000000000000000000000000000       
1040001300089T 030000007101570000000   1400000000000004051873            0610201700000000006651300000000040                       091000055617395068FABIO N. XAVIER                                   00000000000000048                         
1040001300090U 03000000000000000000000000000000000000000000000000000000000000000000000000000000000000000000000000000000000000000000000000021020170000000000000000000000000000000000000000000000000000000000000000000000000000000000000000       
1040001300091T 030000007101570000000   1400000000000003321866            0610201700000000007673000000000033                       091000041255100087ENEDINA FELIX SILVA                               0000000000000004747484947                 
1040001300092U 03000000000000000000000000000000000000000000000000000000000000000000000000000000000000000000000000000000000000000000000000021020170000000000000000000000000000000000000000000000000000000000000000000000000000000000000000       
1040001300093T 030000007101570000000   1400000000000003591868            0610201700000000006471000000000035                       091000055880810097LEONARDO  CAETANO KORTZ                           00000000000000046                         
1040001300094U 03000000000000000000000000000000000000000000000000000000000000000000000000000000000000000000000000000000000000000000000000021020170000000000000000000000000000000000000000000000000000000000000000000000000000000000000000       
1040001300095T 030000007101570000000   1400000000000001031842            0610201700000000007812500000000010                       091000013237376049NEIA SILVIA TRINDADE BERNEIRA                     00000000000000046                         
1040001300096U 03000000000000000000000000000000000000000000000000000000000000000000000000000000000000000000000000000000000000000000000000021020170000000000000000000000000000000000000000000000000000000000000000000000000000000000000000       
1040001300097T 280000007101570000000                     0               00000000000000000000000000000000                         000000000000000000                                                  0000000000000000000000000                 
1040001300098U 280000000000000000000000000000000000000000000000000000000000000000000000000000000000000000000000000000000000000000000000000210201700000000000002102017000000000000000                              000                           
10400015         00010000000000000000000000000000000000000000000000000000000000000000000000000000000000000000000000                                                                                                                             
10400021T0100030 20020458090001650000000000000000000000501071016000000000CONDOMINIO EDIFICIO SAO SILVES                                                                                00000021021020170000000000                          00   
1040002300001T 020000007101600000000   1400000000000001541655            0510201700000000004553400000000015                       092092997394000201SINDICATO DOS EMPREGADOS VIAJANTES                00000000000000038                         
1040002300002U 02000000000000000000000000000000000000000000000000000000000000000000000000000000000000000000000000000000000000000000000000021020170000000000000210201700000000000000000000000000000000000000000000000000000000000000000000       
1040002300003T 020000007101600000000   1400000000000002271662            0510201700000000004308700000000022                       091000000129882003BRUNA PASQUALINI GENRO                            00000000000000038                         
1040002300004U 02000000000000000000000000000000000000000000000000000000000000000000000000000000000000000000000000000000000000000000000000021020170000000000000210201700000000000000000000000000000000000000000000000000000000000000000000       
1040002300005T 020000007101600000000   1400000000000003591675            0510201700000000004553400000000035                       091000054536448004CLEO FLORES                                       00000000000000038                         
1040002300006U 02000000000000000000000000000000000000000000000000000000000000000000000000000000000000000000000000000000000000000000000000021020170000000000000210201700000000000000000000000000000000000000000000000000000000000000000000       
1040002300007T 020000007101600000000   1400000000000001621656            0510201700000000004075600000000016                       091000000537600000RENATA ALVES PEREIRA                              00000000000000038                         
1040002300008U 02000000000000000000000000000000000000000000000000000000000000000000000000000000000000000000000000000000000000000000000000021020170000000000000210201700000000000000000000000000000000000000000000000000000000000000000000       
1040002300009T 020000007101600000000   1400000000000001701657            0510201700000000004146800000000017                       091000009312013068CHARLES MORAES SONNENSTRAHL                       00000000000000038                         
1040002300010U 02000000000000000000000000000000000000000000000000000000000000000000000000000000000000000000000000000000000000000000000000021020170000000000000210201700000000000000000000000000000000000000000000000000000000000000000000       
1040002300011T 020000007101600000000   1400000000000001891658            0510201700000000004308700000000018                       091000002701614066VANESSA FERRARI TEIXEIRA                          00000000000000038                         
1040002300012U 02000000000000000000000000000000000000000000000000000000000000000000000000000000000000000000000000000000000000000000000000021020170000000000000210201700000000000000000000000000000000000000000000000000000000000000000000       
1040002300013T 020000007101600000000   1400000000000003671676            1010201700000000004075600000000036                       091000024359548087ARISTIDES  RAUBER                                 0000000000000003858                       
1040002300014U 02000000000000000000000000000000000000000000000000000000000000000000000000000000000000000000000000000000000000000000000000021020170000000000000210201700000000000000000000000000000000000000000000000000000000000000000000       
1040002300015T 020000007101600000000   1400000000000002781667            0510201700000000004553400000000027                       091000001597483052MAIARA GIULIANI RECK                              00000000000000038                         
1040002300016U 02000000000000000000000000000000000000000000000000000000000000000000000000000000000000000000000000000000000000000000000000021020170000000000000210201700000000000000000000000000000000000000000000000000000000000000000000       
1040002300017T 020000007101600000000   1400000000000002861668            0510201700000000004075600000000028                       091000035560215015MARIA HELENA GALELI                               00000000000000038                         
1040002300018U 02000000000000000000000000000000000000000000000000000000000000000000000000000000000000000000000000000000000000000000000000021020170000000000000210201700000000000000000000000000000000000000000000000000000000000000000000       
1040002300019T 020000007101600000000   1400000000000003751677            1010201700000000003646800000000037                       091000024359548087ARISTIDES  RAUBER                                 0000000000000003858                       
1040002300020U 02000000000000000000000000000000000000000000000000000000000000000000000000000000000000000000000000000000000000000000000000021020170000000000000210201700000000000000000000000000000000000000000000000000000000000000000000       
1040002300021T 020000007101600000000   1400000000000003831678            0510201700000000004308700000000038                       091000023163143091MARIA DE LOURDES RETAMAL                          00000000000000038                         
1040002300022U 02000000000000000000000000000000000000000000000000000000000000000000000000000000000000000000000000000000000000000000000000021020170000000000000210201700000000000000000000000000000000000000000000000000000000000000000000       
1040002300023T 020000007101600000000   1400000000000004301683            1210201700000000004553400000000043                       091000060552050091ROSANE  FATIMA TISSIANI                           0000000000000003858                       
1040002300024U 02000000000000000000000000000000000000000000000000000000000000000000000000000000000000000000000000000000000000000000000000021020170000000000000210201700000000000000000000000000000000000000000000000000000000000000000000       
1040002300025T 020000007101600000000   1400000000000001971659            0510201700000000004553400000000019                       092015593144000257ANDRESSA BAZANA DE OLIVEIRA                       00000000000000038                         
1040002300026U 02000000000000000000000000000000000000000000000000000000000000000000000000000000000000000000000000000000000000000000000000021020170000000000000210201700000000000000000000000000000000000000000000000000000000000000000000       
1040002300027T 020000007101600000000   1400000000000001031650            0510201700000000004308700000000010                       091000037280350097MAGDA DRI MARQUIORI                               00000000000000038                         
1040002300028U 02000000000000000000000000000000000000000000000000000000000000000000000000000000000000000000000000000000000000000000000000021020170000000000000210201700000000000000000000000000000000000000000000000000000000000000000000       
1040002300029T 020000007101600000000   1400000000000002431664            0510201700000000004075600000000024                       091000047755156087DORACI MORAES CEZAR                               00000000000000038                         
1040002300030U 02000000000000000000000000000000000000000000000000000000000000000000000000000000000000000000000000000000000000000000000000021020170000000000000210201700000000000000000000000000000000000000000000000000000000000000000000       
1040002300031T 020000007101600000000   1400000000000003911679            0510201700000000003313400000000039                       091000089252098020CARLA  FERNANDA LUDTKE                            00000000000000038                         
1040002300032U 02000000000000000000000000000000000000000000000000000000000000000000000000000000000000000000000000000000000000000000000000021020170000000000000210201700000000000000000000000000000000000000000000000000000000000000000000       
1040002300033T 020000007101600000000   1400000000000004051680            0510201700000000004075600000000040                       092008928701000105CANTO E HANSEL  LTDA                              00000000000000038                         
1040002300034U 02000000000000000000000000000000000000000000000000000000000000000000000000000000000000000000000000000000000000000000000000021020170000000000000210201700000000000000000000000000000000000000000000000000000000000000000000       
1040002300035T 020000007101600000000   1400000000000002941669            0510201700000000003646800000000029                       092007828481000177A G A CREDITI                                     00000000000000038                         
1040002300036U 02000000000000000000000000000000000000000000000000000000000000000000000000000000000000000000000000000000000000000000000000021020170000000000000210201700000000000000000000000000000000000000000000000000000000000000000000       
1040002300037T 020000007101600000000   1400000000000003081670            0510201700000000004308700000000030                       091000067771890091CLAUDIO LOPES CAETANO                             00000000000000038                         
1040002300038U 02000000000000000000000000000000000000000000000000000000000000000000000000000000000000000000000000000000000000000000000000021020170000000000000210201700000000000000000000000000000000000000000000000000000000000000000000       
1040002300039T 020000007101600000000   1400000000000002351663            0510201700000000004553400000000023                       091000024336300020MARIA DE LOURDES TRINDADE                         00000000000000038                         
1040002300040U 02000000000000000000000000000000000000000000000000000000000000000000000000000000000000000000000000000000000000000000000000021020170000000000000210201700000000000000000000000000000000000000000000000000000000000000000000       
1040002300041T 020000007101600000000   1400000000000004211682            0510201700000000004308700000000042                       091000088139220000GUSTAVO  CRISPIM TAVARES                          00000000000000038                         
1040002300042U 02000000000000000000000000000000000000000000000000000000000000000000000000000000000000000000000000000000000000000000000000021020170000000000000210201700000000000000000000000000000000000000000000000000000000000000000000       
1040002300043T 020000007101600000000   1400000000000003161671            0510201700000000004553400000000031                       092093026771000139CONSELHO  REGIONAL DE FARMACIA DO RS              00000000000000038                         
1040002300044U 02000000000000000000000000000000000000000000000000000000000000000000000000000000000000000000000000000000000000000000000000021020170000000000000210201700000000000000000000000000000000000000000000000000000000000000000000       
1040002300045T 020000007101600000000   1400000000000003241672            0510201700000000004075600000000032                       091000010585958068IVO  ANGONESE                                     00000000000000038                         
1040002300046U 02000000000000000000000000000000000000000000000000000000000000000000000000000000000000000000000000000000000000000000000000021020170000000000000210201700000000000000000000000000000000000000000000000000000000000000000000       
1040002300047T 020000007101600000000   1400000000000002511665            0510201700000000003646800000000025                       091000098358944004JUANIR MARTINS DE MEDEIROS                        00000000000000038                         
1040002300048U 02000000000000000000000000000000000000000000000000000000000000000000000000000000000000000000000000000000000000000000000000021020170000000000000210201700000000000000000000000000000000000000000000000000000000000000000000       
1040002300049T 020000007101600000000   1400000000000002601666            1010201700000000004308700000000026                       091000021074232020SALETE FRASSON                                    0000000000000003858                       
1040002300050U 02000000000000000000000000000000000000000000000000000000000000000000000000000000000000000000000000000000000000000000000000021020170000000000000210201700000000000000000000000000000000000000000000000000000000000000000000       
1040002300051T 020000007101600000000   1400000000000003321673            0510201700000000003646800000000033                       091000058862927053ANTONIO CARLOS DE AZEVEDO TAVARES                 00000000000000038                         
1040002300052U 02000000000000000000000000000000000000000000000000000000000000000000000000000000000000000000000000000000000000000000000000021020170000000000000210201700000000000000000000000000000000000000000000000000000000000000000000       
1040002300053T 020000007101600000000   1400000000000003401674            0510201700000000004308700000000034                       091000032326408004GORETTI PORTO                                     00000000000000038                         
1040002300054U 02000000000000000000000000000000000000000000000000000000000000000000000000000000000000000000000000000000000000000000000000021020170000000000000210201700000000000000000000000000000000000000000000000000000000000000000000       
1040002300055T 020000007101600000000   1400000000000002001660            1010201700000000004075600000000020                       091000051421925087ELSO ROSSI                                        0000000000000003858                       
1040002300056U 02000000000000000000000000000000000000000000000000000000000000000000000000000000000000000000000000000000000000000000000000021020170000000000000210201700000000000000000000000000000000000000000000000000000000000000000000       
1040002300057T 020000007101600000000   1400000000000004131681            0510201700000000003646800000000041                       091000093891334087CLEIA MARIA LIMA DE LIMA                          00000000000000038                         
1040002300058U 02000000000000000000000000000000000000000000000000000000000000000000000000000000000000000000000000000000000000000000000000021020170000000000000210201700000000000000000000000000000000000000000000000000000000000000000000       
1040002300059T 020000007101600000000   1400000000000002191661            0510201700000000003646800000000021                       091000030359163068ALBERTO OLIVER                                    00000000000000038                         
1040002300060U 02000000000000000000000000000000000000000000000000000000000000000000000000000000000000000000000000000000000000000000000000021020170000000000000210201700000000000000000000000000000000000000000000000000000000000000000000       
1040002300061T 020000007101600000000   1400000000000001111651            0510201700000000004553400000000011                       091000054755034000RODGER DANIELI FAGUNDES                           00000000000000038                         
1040002300062U 02000000000000000000000000000000000000000000000000000000000000000000000000000000000000000000000000000000000000000000000000021020170000000000000210201700000000000000000000000000000000000000000000000000000000000000000000       
1040002300063T 020000007101600000000   1400000000000001201652            0510201700000000004075600000000012                       091000000537600000RENATA ALVES PEREIRA                              00000000000000038                         
1040002300064U 02000000000000000000000000000000000000000000000000000000000000000000000000000000000000000000000000000000000000000000000000021020170000000000000210201700000000000000000000000000000000000000000000000000000000000000000000       
1040002300065T 020000007101600000000   1400000000000001381653            0510201700000000003646800000000013                       091000000537600000RENATA ALVES PEREIRA                              00000000000000038                         
1040002300066U 02000000000000000000000000000000000000000000000000000000000000000000000000000000000000000000000000000000000000000000000000021020170000000000000210201700000000000000000000000000000000000000000000000000000000000000000000       
1040002300067T 020000007101600000000   1400000000000001461654            0510201700000000004308700000000014                       091000031439969000JOSE CLEONY TEIXEIRA DA SILVA                     00000000000000038                         
1040002300068U 02000000000000000000000000000000000000000000000000000000000000000000000000000000000000000000000000000000000000000000000000021020170000000000000210201700000000000000000000000000000000000000000000000000000000000000000000       
1040002300069T 030000007101600000000   1400000000000004481684            0510201700000000003698400000000044                       091000048041750087PEDRO  LUIS WIECZOREK                             00000000000000048                         
1040002300070U 03000000000000000000000000000000000000000000000000000000000000000000000000000000000000000000000000000000000000000000000000021020170000000000000000000000000000000000000000000000000000000000000000000000000000000000000000       
1040002300071T 280000007101600000000                     0               00000000000000000000000000000000                         000000000000000000                                                  0000000000000000000000000                 
1040002300072U 280000000000000000000000000000000000000000000000000000000000000000000000000000000000000000000000000000000000000000000000000210201700000000000002102017000000000000000                              000                           
10400025         00007400000000000000000000000000000000000000000000000000000000000000000000000000000000000000000000                                                                                                                             
10400031T0100030 20020458090001650000000000000000000000501072193300000000MARLENE BURGEL & CIA LTDA - ME                                                                                00000021021020170000000000                          00   
1040003300001T 060000007219330000000   1400000000000005701336            0809201700000000001890410400501057                       090000000000000000PEDRO DOYLE CAVALHEIRO                            000000000000630020102                     
1040003300002U 06000000000000522000000000000000000000000000000000000000000000000000000019426000000000019426000000000000000000000000000000021020170410201700000410201700000000000000000000000000000000000000000000000000000000000000000000       
1040003300003T 060000007219330000000   1400000000000010701426            14092017000000000015000104005010107                      090000000000000000LEOPOLDO WANDERLEI OCHULUKI                       000000000000630020102                     
1040003300004U 06000000000000390000000000000000000000000000000000000000000000000000000015390000000000015390000000000000000000000000000000021020170410201700000410201700000000000000000000000000000000000000000000000000000000000000000000       
1040003300005T 060000007219330000000   1400000000000011261431            14092017000000000023000104005010112                      090000000000000000ADRIANA TRINDADE VARGAS                           000000000000630020102                     
1040003300006U 06000000000000586000000000000000000000000000000000000000000000000000000023586000000000023586000000000000000000000000000000021020170410201700000410201700000000000000000000000000000000000000000000000000000000000000000000       
1040003300007T 060000007219330000000   1400000000000012581444            14092017000000000013000104005010125                      090000000000000000ADRIANA TRINDADE VARGAS                           000000000000630020102                     
1040003300008U 06000000000000332000000000000000000000000000000000000000000000000000000013332000000000013332000000000000000000000000000000021020170410201700000410201700000000000000000000000000000000000000000000000000000000000000000000       
1040003300009T 020000007219330000000   1400000000000019671514            05102017000000000024497000000000196                      091000060764465015NEUZA XAVIER FARIA                                000000000000000                           
1040003300010U 02000000000000000000000000000000000000000000000000000000000000000000000000000000000000000000000000000000000000000000000000021020170000000000000210201700000000000000000000000000000000000000000000000000000000000000000000       
1040003300011T 020000007219330000000   1400000000000026371732            05102017000000000013589000000000263                      091000097327107053JAMILA DA COSTA  AMARAL                           000000000000000                           
1040003300012U 02000000000000000000000000000000000000000000000000000000000000000000000000000000000000000000000000000000000000000000000000021020170000000000000210201700000000000000000000000000000000000000000000000000000000000000000000       
1040003300013T 020000007219330000000   1400000000000026451733            05102017000000000014448000000000264                      091000097327107053JAMILA DA COSTA  AMARAL                           000000000000000                           
1040003300014U 02000000000000000000000000000000000000000000000000000000000000000000000000000000000000000000000000000000000000000000000000021020170000000000000210201700000000000000000000000000000000000000000000000000000000000000000000       
1040003300015T 020000007219330000000   1400000000000025561724            10102017000000000016768000000000255                      091000001985799006JEANIZA  ABADI SCHUTZ                             00000000000000058                         
1040003300016U 02000000000000000000000000000000000000000000000000000000000000000000000000000000000000000000000000000000000000000000000000021020170000000000000210201700000000000000000000000000000000000000000000000000000000000000000000       
1040003300017T 020000007219330000000   1400000000000020171519            05102017000000000020636000000000201                      091000014286360059DANILO CONCENCIO FONTOURA                         000000000000000                           
1040003300018U 02000000000000000000000000000000000000000000000000000000000000000000000000000000000000000000000000000000000000000000000000021020170000000000000210201700000000000000000000000000000000000000000000000000000000000000000000       
1040003300019T 020000007219330000000   1400000000000020251520            05102017000000000025828000000000202                      091000038365600030MARIA DE LOURDES SOUZA BALK                       000000000000000                           
1040003300020U 02000000000000000000000000000000000000000000000000000000000000000000000000000000000000000000000000000000000000000000000000021020170000000000000210201700000000000000000000000000000000000000000000000000000000000000000000       
1040003300021T 020000007219330000000   1400000000000024591645            05102017000000000015033000000000245                      091000038160722087LILIANE DE OLIVEIRA ZIMMERMANN                    000000000000000                           
1040003300022U 02000000000000000000000000000000000000000000000000000000000000000000000000000000000000000000000000000000000000000000000000021020170000000000000210201700000000000000000000000000000000000000000000000000000000000000000000       
1040003300023T 020000007219330000000   1400000000000024671646            05102017000000000030397000000000246                      091000015798100049LAURO HERMES FARIAS LINHARES                      000000000000000                           
1040003300024U 02000000000000000000000000000000000000000000000000000000000000000000000000000000000000000000000000000000000000000000000000021020170000000000000210201700000000000000000000000000000000000000000000000000000000000000000000       
1040003300025T 020000007219330000000   1400000000000024161641            05102017000000000015033000000000241                      091000002667929012NAIANE FREITAS BOCK                               000000000000000                           
1040003300026U 02000000000000000000000000000000000000000000000000000000000000000000000000000000000000000000000000000000000000000000000000021020170000000000000210201700000000000000000000000000000000000000000000000000000000000000000000       
1040003300027T 020000007219330000000   1400000000000024241642            05102017000000000019049000000000242                      091000003474042009GUSTAVO PONSSONI LORENZONI                        000000000000000                           
1040003300028U 02000000000000000000000000000000000000000000000000000000000000000000000000000000000000000000000000000000000000000000000000021020170000000000000210201700000000000000000000000000000000000000000000000000000000000000000000       
1040003300029T 020000007219330000000   1400000000000019911517            05102017000000000018936000000000199                      091000099393816034VERONICA DUTRA RODRIGUES                          000000000000000                           
1040003300030U 02000000000000000000000000000000000000000000000000000000000000000000000000000000000000000000000000000000000000000000000000021020170000000000000210201700000000000000000000000000000000000000000000000000000000000000000000       
1040003300031T 020000007219330000000   1400000000000020091518            05102017000000000025625000000000200                      091000002287418075IMEON MARTINS MACHADO                             000000000000000                           
1040003300032U 02000000000000000000000000000000000000000000000000000000000000000000000000000000000000000000000000000000000000000000000000021020170000000000000210201700000000000000000000000000000000000000000000000000000000000000000000       
1040003300033T 020000007219330000000   1400000000000025641725            05102017000000000017589000000000256                      091000002952803013ERIC JACQUES FANTI                                000000000000000                           
1040003300034U 02000000000000000000000000000000000000000000000000000000000000000000000000000000000000000000000000000000000000000000000000021020170000000000000210201700000000000000000000000000000000000000000000000000000000000000000000       
1040003300035T 020000007219330000000   1400000000000026531734            05102017000000000013423000000000265                      091000097327107053JAMILA DA COSTA  AMARAL                           000000000000000                           
1040003300036U 02000000000000000000000000000000000000000000000000000000000000000000000000000000000000000000000000000000000000000000000000021020170000000000000210201700000000000000000000000000000000000000000000000000000000000000000000       
1040003300037T 020000007219330000000   1400000000000026611735            05102017000000000015705000000000266                      091000019835302049ANTONIO VICTOR DE LIMA MACHADO                    000000000000000                           
1040003300038U 02000000000000000000000000000000000000000000000000000000000000000000000000000000000000000000000000000000000000000000000000021020170000000000000210201700000000000000000000000000000000000000000000000000000000000000000000       
1040003300039T 020000007219330000000   1400000000000025131719            10102017000000000022275000000000251                      091000011098244087PEDRO DOYLE CAVALHEIRO                            00000000000000058                         
1040003300040U 02000000000000000000000000000000000000000000000000000000000000000000000000000000000000000000000000000000000000000000000000021020170000000000000210201700000000000000000000000000000000000000000000000000000000000000000000       
1040003300041T 020000007219330000000   1400000000000025211721            10102017000000000016033000000000252                      091000090995708053LAUREN  PAZ DE CARVALHO                           00000000000000058                         
1040003300042U 02000000000000000000000000000000000000000000000000000000000000000000000000000000000000000000000000000000000000000000000000021020170000000000000210201700000000000000000000000000000000000000000000000000000000000000000000       
1040003300043T 020000007219330000000   1400000000000032421827            08102017000000000019756000000000324                      091000096887176068GUSTAVO  CAUDURO CADORE                           000000000000000                           
1040003300044U 02000000000000000000000000000000000000000000000000000000000000000000000000000000000000000000000000000000000000000000000000021020170000000000000210201700000000000000000000000000000000000000000000000000000000000000000000       
1040003300045T 020000007219330000000   1400000000000032501828            08102017000000000017976000000000325                      091000003407443080CAROLINE MARIN BALBOM                             000000000000000                           
1040003300046U 02000000000000000000000000000000000000000000000000000000000000000000000000000000000000000000000000000000000000000000000000021020170000000000000210201700000000000000000000000000000000000000000000000000000000000000000000       
1040003300047T 020000007219330000000   1400000000000025721726            10102017000000000021520000000000257                      091000002027908005BARBARA  NUNES KRUM                               00000000000000058                         
1040003300048U 02000000000000000000000000000000000000000000000000000000000000000000000000000000000000000000000000000000000000000000000000021020170000000000000210201700000000000000000000000000000000000000000000000000000000000000000000       
1040003300049T 020000007219330000000   1400000000000025801727            05102017000000000016702000000000258                      091000001840499036LETICIA  LONDERO                                  000000000000000                           
1040003300050U 02000000000000000000000000000000000000000000000000000000000000000000000000000000000000000000000000000000000000000000000000021020170000000000000210201700000000000000000000000000000000000000000000000000000000000000000000       
1040003300051T 020000007219330000000   1400000000000024911649            05102017000000000016911000000000249                      091000044685181034LIBIA COSTA  FERREIRA                             000000000000000                           
1040003300052U 02000000000000000000000000000000000000000000000000000000000000000000000000000000000000000000000000000000000000000000000000021020170000000000000210201700000000000000000000000000000000000000000000000000000000000000000000       
1040003300053T 020000007219330000000   1400000000000025051718            10102017000000000014625000000000250                      091000004299942906ELIZABETH  PEREIRA DOS SANTOS                     00000000000000058                         
1040003300054U 02000000000000000000000000000000000000000000000000000000000000000000000000000000000000000000000000000000000000000000000000021020170000000000000210201700000000000000000000000000000000000000000000000000000000000000000000       
1040003300055T 020000007219330000000   1400000000000025991728            05102017000000000022775000000000259                      091000034812563020SONIA MARGARETE SOARES GONCALVES                  000000000000000                           
1040003300056U 02000000000000000000000000000000000000000000000000000000000000000000000000000000000000000000000000000000000000000000000000021020170000000000000210201700000000000000000000000000000000000000000000000000000000000000000000       
1040003300057T 020000007219330000000   1400000000000026021729            10102017000000000003419000000000260                      091000004299942906ELIZABETH  PEREIRA DOS SANTOS                     00000000000000058                         
1040003300058U 02000000000000000000000000000000000000000000000000000000000000000000000000000000000000000000000000000000000000000000000000021020170000000000000210201700000000000000000000000000000000000000000000000000000000000000000000       
1040003300059T 020000007219330000000   1400000000000025301722            05102017000000000027151000000000253                      091000030810515091JOAO CARLOS  ZIMMER                               000000000000000                           
1040003300060U 02000000000000000000000000000000000000000000000000000000000000000000000000000000000000000000000000000000000000000000000000021020170000000000000210201700000000000000000000000000000000000000000000000000000000000000000000       
1040003300061T 020000007219330000000   1400000000000025481723            05102017000000000022729000000000254                      091000027154220082ELI  DO CANTO CHAVES                              000000000000000                           
1040003300062U 02000000000000000000000000000000000000000000000000000000000000000000000000000000000000000000000000000000000000000000000000021020170000000000000210201700000000000000000000000000000000000000000000000000000000000000000000       
1040003300063T 020000007219330000000   1400000000000026101730            05102017000000000002448000000000261                      091000002983338053GABRIEL  NOAL                                     000000000000000                           
1040003300064U 02000000000000000000000000000000000000000000000000000000000000000000000000000000000000000000000000000000000000000000000000021020170000000000000210201700000000000000000000000000000000000000000000000000000000000000000000       
1040003300065T 020000007219330000000   1400000000000026291731            05102017000000000018497000000000262                      091000035705259883CINTIA CARINE SANTOS EVANGELISTA                  000000000000000                           
1040003300066U 02000000000000000000000000000000000000000000000000000000000000000000000000000000000000000000000000000000000000000000000000021020170000000000000210201700000000000000000000000000000000000000000000000000000000000000000000       
1040003300067T 020000007219330000000   1400000000000024321643            05102017000000000013474000000000243                      091000003350447007GIOVANNA DA CAS                                   000000000000000                           
1040003300068U 02000000000000000000000000000000000000000000000000000000000000000000000000000000000000000000000000000000000000000000000000021020170000000000000210201700000000000000000000000000000000000000000000000000000000000000000000       
1040003300069T 020000007219330000000   1400000000000032691829            08102017000000000017976000000000326                      091000049728377053ALEXANDRE BINATO                                  000000000000000                           
1040003300070U 02000000000000000000000000000000000000000000000000000000000000000000000000000000000000000000000000000000000000000000000000021020170000000000000210201700000000000000000000000000000000000000000000000000000000000000000000       
1040003300071T 020000007219330000000   1400000000000024401644            05102017000000000022640000000000244                      091000022039414053VANDERLEI TAROUCO GARCIA                          000000000000000                           
1040003300072U 02000000000000000000000000000000000000000000000000000000000000000000000000000000000000000000000000000000000000000000000000021020170000000000000210201700000000000000000000000000000000000000000000000000000000000000000000       
1040003300073T 020000007219330000000   1400000000000024751647            05102017000000000025731000000000247                      091000030323150004ROBERTO CAMPANOGARA                               000000000000000                           
1040003300074U 02000000000000000000000000000000000000000000000000000000000000000000000000000000000000000000000000000000000000000000000000021020170000000000000210201700000000000000000000000000000000000000000000000000000000000000000000       
1040003300075T 020000007219330000000   1400000000000024831648            05102017000000000038763000000000248                      091000068567103053DANIEL REIS DE MORAES                             000000000000000                           
1040003300076U 02000000000000000000000000000000000000000000000000000000000000000000000000000000000000000000000000000000000000000000000000021020170000000000000210201700000000000000000000000000000000000000000000000000000000000000000000       
1040003300077T 020000007219330000000   1400000000000020331521            05102017000000000013690000000000203                      091000000406806063ARACELLI PIETA RELLY GOMES DA SILVA               000000000000000                           
1040003300078U 02000000000000000000000000000000000000000000000000000000000000000000000000000000000000000000000000000000000000000000000000021020170000000000000210201700000000000000000000000000000000000000000000000000000000000000000000       
1040003300079T 020000007219330000000   1400000000000023861638            05102017000000000019049000000000238                      091000001264352000AMALIA SALBEGO                                    000000000000000                           
1040003300080U 02000000000000000000000000000000000000000000000000000000000000000000000000000000000000000000000000000000000000000000000000021020170000000000000210201700000000000000000000000000000000000000000000000000000000000000000000       
1040003300081T 020000007219330000000   1400000000000019751515            12102017000000000020876000000000197                      091000041440617015LEANDRO ALBERTO MOREIRA BOHRER                    00000000000000058                         
1040003300082U 02000000000000000000000000000000000000000000000000000000000000000000000000000000000000000000000000000000000000000000000000021020170000000000000210201700000000000000000000000000000000000000000000000000000000000000000000       
1040003300083T 020000007219330000000   1400000000000019831516            10102017000000000033145000000000198                      091000056257112087VERA MARIA MOREIRA BOHRER                         00000000000000058                         
1040003300084U 02000000000000000000000000000000000000000000000000000000000000000000000000000000000000000000000000000000000000000000000000021020170000000000000210201700000000000000000000000000000000000000000000000000000000000000000000       
1040003300085T 020000007219330000000   1400000000000023941639            05102017000000000013474000000000239                      091000069372039004GISLENE COSTA DA SILVEIRA                         000000000000000                           
1040003300086U 02000000000000000000000000000000000000000000000000000000000000000000000000000000000000000000000000000000000000000000000000021020170000000000000210201700000000000000000000000000000000000000000000000000000000000000000000       
1040003300087T 020000007219330000000   1400000000000024081640            05102017000000000022645000000000240                      091000038354624072RENATO BITENCOURT GOULART                         000000000000000                           
1040003300088U 02000000000000000000000000000000000000000000000000000000000000000000000000000000000000000000000000000000000000000000000000021020170000000000000210201700000000000000000000000000000000000000000000000000000000000000000000       
1040003300089T 020000007219330000000   1400000000000032771830            08102017000000000015072000000000327                      091000023085363068JULCEO SEBASTIAO BOZZA                            000000000000000                           
1040003300090U 02000000000000000000000000000000000000000000000000000000000000000000000000000000000000000000000000000000000000000000000000021020170000000000000210201700000000000000000000000000000000000000000000000000000000000000000000       
1040003300091T 020000007219330000000   1400000000000033401837            08102017000000000019506000000000334                      091000045144907091DIOGENES FELIPE FUQUES CARVALHO                   000000000000000                           
1040003300092U 02000000000000000000000000000000000000000000000000000000000000000000000000000000000000000000000000000000000000000000000000021020170000000000000210201700000000000000000000000000000000000000000000000000000000000000000000       
1040003300093T 020000007219330000000   1400000000000033581838            08102017000000000017467000000000335                      091000002431195007TAMIRES CAMARGO DA SILVA                          000000000000000                           
1040003300094U 02000000000000000000000000000000000000000000000000000000000000000000000000000000000000000000000000000000000000000000000000021020170000000000000210201700000000000000000000000000000000000000000000000000000000000000000000       
1040003300095T 020000007219330000000   1400000000000033071833            08102017000000000017467000000000330                      091000002558791052SUZANA FERNANDEZ DOS SANTOS                       000000000000000                           
1040003300096U 02000000000000000000000000000000000000000000000000000000000000000000000000000000000000000000000000000000000000000000000000021020170000000000000210201700000000000000000000000000000000000000000000000000000000000000000000       
1040003300097T 020000007219330000000   1400000000000033151834            08102017000000000017467000000000331                      091000003692437064VICTORIA  BLINI STRASSER                          000000000000000                           
1040003300098U 02000000000000000000000000000000000000000000000000000000000000000000000000000000000000000000000000000000000000000000000000021020170000000000000210201700000000000000000000000000000000000000000000000000000000000000000000       
1040003300099T 020000007219330000000   1400000000000033661839            08102017000000000017467000000000336                      091000003429770084GILMAR POLI JUNIOR                                000000000000000                           
1040003300100U 02000000000000000000000000000000000000000000000000000000000000000000000000000000000000000000000000000000000000000000000000021020170000000000000210201700000000000000000000000000000000000000000000000000000000000000000000       
1040003300101T 020000007219330000000   1400000000000033741840            08102017000000000014811000000000337                      091000034715410982JOSE LUIZ BUENO                                   000000000000000                           
1040003300102U 02000000000000000000000000000000000000000000000000000000000000000000000000000000000000000000000000000000000000000000000000021020170000000000000210201700000000000000000000000000000000000000000000000000000000000000000000       
1040003300103T 020000007219330000000   1400000000000032851831            08102017000000000015072000000000328                      091000028502728091ROBERTO BOLSON                                    000000000000000                           
1040003300104U 02000000000000000000000000000000000000000000000000000000000000000000000000000000000000000000000000000000000000000000000000021020170000000000000210201700000000000000000000000000000000000000000000000000000000000000000000       
1040003300105T 020000007219330000000   1400000000000032931832            08102017000000000019506000000000329                      091000004985753068DJALMA SOARES DA SILVEIRA                         000000000000000                           
1040003300106U 02000000000000000000000000000000000000000000000000000000000000000000000000000000000000000000000000000000000000000000000000021020170000000000000210201700000000000000000000000000000000000000000000000000000000000000000000       
1040003300107T 020000007219330000000   1400000000000033821841            08102017000000000014811000000000338                      091000000425504085CEZAR BATISTA OCAMPO JUNIOR                       000000000000000                           
1040003300108U 02000000000000000000000000000000000000000000000000000000000000000000000000000000000000000000000000000000000000000000000000021020170000000000000210201700000000000000000000000000000000000000000000000000000000000000000000       
1040003300109T 020000007219330000000   1400000000000033231835            08102017000000000014811000000000332                      091000001276874081FELIPE KETZER                                     000000000000000                           
1040003300110U 02000000000000000000000000000000000000000000000000000000000000000000000000000000000000000000000000000000000000000000000000021020170000000000000210201700000000000000000000000000000000000000000000000000000000000000000000       
1040003300111T 020000007219330000000   1400000000000033311836            08102017000000000014811000000000333                      091000021076278000MARLENE  NAGEL                                    000000000000000                           
1040003300112U 02000000000000000000000000000000000000000000000000000000000000000000000000000000000000000000000000000000000000000000000000021020170000000000000210201700000000000000000000000000000000000000000000000000000000000000000000       
1040003300113T 280000007219330000000                     0               00000000000000000000000000000000                         000000000000000000                                                  0000000000000000000000000                 
1040003300114U 280000000000000000000000000000000000000000000000000000000000000000000000000000000000000000000000000000000000000000000000000210201700000000000002102017000000000000000                              000                           
10400035         00011600000000000000000000000000000000000000000000000000000000000000000000000000000000000000000000                                                                                                                             
10499999         000003000292                                                                                                                                                                                                                   
