10400000         2913783720001010000000000000000000000501072193300000000MARLENE BURGEL & CIA LTDA - MECAIXA ECONOMICA FEDERAL                 40709201713310500001005000000REMESSA PROCESSADA PRET PRE CRI-PRODUCAO                             
10400011T0100030 2091378372000101                    005010721933        MARLENE BURGEL & CIA LTDA - ME                                                                                00000010070920170000000000                          00   
1040001300001T 030000007219330000000  01400000000000011101430            10092017000000000015000000000000111                      091000027155574020PAULO EDUARDO MENEZES DE MESQUITA                 00000000000000046                         
1040001300002U 030000000000000000000000000000000000000000000000000000000000000000000000000000000000000000000000000000000000000000000000000709201700000000            000000000000000000025                        000                           
1040001300003T 030000007219330000000  01400000000000011601435            10092017000000000011517000000000116                      092091378372000101MARSANE  IMOVEIS                                  00000000000000046                         
1040001300004U 030000000000000000000000000000000000000000000000000000000000000000000000000000000000000000000000000000000000000000000000000709201700000000            000000000000000000040                        000                           
10400015         00000600000000000000000000000000000000000000000000000000000000000000000000000000000000000000000000                                                                                                                             
10499999         000001000008                                                                                                                                                                                                                   
