10400000         2913783720001010000000000000000000000501072193300000000MARLENE BURGEL & CIA LTDA - MEC ECON FEDERAL                          22306202301191300130604000000                    RETORNO-PRODUCAO                  000            
10400011T0100030 20913783720001010000000000000000000000501072193300000000MARLENE BURGEL & CIA LTDA - ME                                                                                00001306230620230000000000                          00   
1040001300001T 060000007219330000000   140000000000118422138400          1205202300000000003929704100369011842                    091000057425639068ADRIANA STIELER BOHRER                            000000000000271040301                     
1040001300002U 06000000000001334000000000000000000000000000000000000000000000000000000040631000000000040631000000000000000000000000000000230620232606202300002606202300000000000000000000000000000000000000000000000000000000000000000000       
10400015         00000400000000000000000000000000000000000000000000000000000000000000000000000000000000000000000000                                                                                                                             
10499999         000001000006                                                                                                                                                                                                                   
