75600000         200012312212356                    04342700000009664010TESTE                         SICOOB                                  12210202318143100000108100000                                                                     
75600011R01  040 2000012312212356                    0434270000000000001 TESTE                                                                                                         000000012210202300000000                                 
7560001300001P 010434270000000000001 00000000100101610 221              0101197000000000000300000000 02N0101197000000000000000000000000000000000000000000000000000000000000000000000000000000000000010                 3000   090000000000 
7560001300002Q 011000012312212356JOSE DA SILVA ALVES                     RUA DOS DEVELOPERS,123 SL 103           BAIRRO DA INSON12345123LONDRINA       PR0000000000000000                                        000                            
7560001300003P 010434270000000000001 00000000100101610 221              0101197000000000000300000000 02N0101197000000000000000000000000000000000000000000000000000000000000000000000000000000000000010                 3000   090000000000 
7560001300004Q 011000012312212356JOSE DA SILVA ALVES                     RUA DOS DEVELOPERS,123 SL 103           BAIRRO DA INSON12345123LONDRINA       PR0000000000000000                                        000                            
75600015         00000600000000000000000000000000000000000000000000000000000000000000000000000000000000000000000000                                                                                                                             
75699999         000001000008000000                                                                                                                                                                                                             
