75600000         291095620000107                    0434270000000966401 CONDOMINIO EDIFICIO EDIFICIO  SICOOB                                  12310202304583200000108100000                                                                     
75600011R01  040 2091095620000107                    0434270000000966401 CONDOMINIO EDIFICIO EDIFICIO                                                                                  000000012310202300000000                                 
7560001300001P 010434270000000966401 000000001001016     10 221              3011202300000000000300000000 02N3011202300000000000000000000000000000000000000000000000000000000000000000000000000000000000010                 3000   090000000000 
7560001300002Q 011000081771401087MARCELO DOS SANTOS CORREA               RUA DOS DEVELOPERS,123 SL 103           BAIRRO DA INSON97037172SANTA MARIA    RS0000000000000000                                        000                            
7560001300003R 01000000000000000000000000000000000000000000000000205122023000000000000200                                                                                                              0000000000000000 000000000000  0         
75600015         00000500000000000000000000000000000000000000000000000000000000000000000000000000000000000000000000                                                                                                                             
75699999         000001000007000000                                                                                                                                                                                                             
